<?xml version="1.0" encoding="UTF-8"?>
<record xmlns="http://www.loc.gov/MARC21/slim" xmlns:xsi="http://www.w3.org/2001/XMLSchema-instance" xsi:schemaLocation="http://www.loc.gov/MARC21/slim http://www.loc.gov/standards/marcxml/schema/MARC21slim.xsd">
<leader>     cam a2200325 a 4500</leader>
<controlfield tag="001">002820598</controlfield>
<controlfield tag="003">NNU</controlfield>
<controlfield tag="005">20061010172049.0</controlfield>
<controlfield tag="008">870602s1965    iq            000 0 ararc</controlfield>
<datafield tag="010" ind1=" " ind2=" ">
<subfield code="a">ne 66001397</subfield>
</datafield>
<datafield tag="035" ind1="9" ind2=" ">
<subfield code="a">NYUb10528315</subfield>
</datafield>
<datafield tag="035" ind1=" " ind2=" ">
<subfield code="a">(CStRLIN)NYUG87-B18111</subfield>
</datafield>
<datafield tag="040" ind1=" " ind2=" ">
<subfield code="a">Princeton Univ. Libr.</subfield>
<subfield code="c">CU</subfield>
<subfield code="d">CU</subfield>
<subfield code="d">NNU</subfield>
</datafield>
<datafield tag="066" ind1=" " ind2=" ">
<subfield code="c">(3</subfield>
</datafield>
<datafield tag="090" ind1=" " ind2=" ">
<subfield code="a">PJ7741.S35</subfield>
<subfield code="b">Z6</subfield>
</datafield>
<datafield tag="100" ind1="1" ind2=" ">
<subfield code="a">Marzubānī, Muḥammad ibn ʻImrān,</subfield>
<subfield code="d">909?-994?</subfield>
<subfield code="6">880-01</subfield>
</datafield>
<datafield tag="245" ind1="1" ind2="0">
<subfield code="6">880-02</subfield>
<subfield code="a">Akhbār al-Sayyid al-Ḥimyarī /</subfield>
<subfield code="c">li-Abī ʻUbayd Allāh Muḥammad ibn ʻImrān al-Marzubānī al-Khurāsānī ; taḥqīq Muḥammad Hādī al-Amīnī.</subfield>
</datafield>
<datafield tag="250" ind1=" " ind2=" ">
<subfield code="6">880-03</subfield>
<subfield code="a">al-Ṭabʻah 1.</subfield>
</datafield>
<datafield tag="260" ind1=" " ind2=" ">
<subfield code="6">880-04</subfield>
<subfield code="a">al-Najaf :</subfield>
<subfield code="b">Dār al-Bāqir,</subfield>
<subfield code="c">1965.</subfield>
</datafield>
<datafield tag="300" ind1=" " ind2=" ">
<subfield code="a">71 p. ;</subfield>
<subfield code="c">22 cm.</subfield>
</datafield>
<datafield tag="490" ind1="1" ind2=" ">
<subfield code="6">880-05</subfield>
<subfield code="a">Rasāʼil al-Marzubānī ;</subfield>
<subfield code="v">1</subfield>
</datafield>
<datafield tag="600" ind1="1" ind2="0">
<subfield code="a">Sayyid al-Ḥimyarī, Ismāʻil ibn Muḥammad,</subfield>
<subfield code="d">723-789.</subfield>
</datafield>
<datafield tag="700" ind1="1" ind2=" ">
<subfield code="a">Amīnī, Muḥammad Hādī</subfield>
<subfield code="6">880-06</subfield>
</datafield>
<datafield tag="880" ind1="1" ind2=" ">
<subfield code="6">100-01/</subfield>
<subfield code="a">مرزباني، محمد بن عمران.</subfield>
</datafield>
<datafield tag="880" ind1="1" ind2="0">
<subfield code="6">245-02/</subfield>
<subfield code="a">أخبار السيد الحميري /</subfield>
<subfield code="c">لأبي عبيد الله محمد بن عمران المرزباني الخراساني ؛ تحقيق محمد هادي الأميني.</subfield>
</datafield>
<datafield tag="880" ind1=" " ind2=" ">
<subfield code="6">250-03/</subfield>
<subfield code="a">الطبعة ١.</subfield>
</datafield>
<datafield tag="880" ind1=" " ind2=" ">
<subfield code="6">260-04/</subfield>
<subfield code="a">النجف :</subfield>
<subfield code="b">دار الباقر،</subfield>
<subfield code="c">١٩٦٥.</subfield>
</datafield>
<datafield tag="880" ind1="1" ind2=" ">
<subfield code="6">490-05/</subfield>
<subfield code="a">رسائل المرزباني ؛</subfield>
<subfield code="v">١</subfield>
</datafield>
<datafield tag="880" ind1="1" ind2=" ">
<subfield code="6">700-06/</subfield>
<subfield code="a">أميني، محمد هادي.</subfield>
</datafield>
<datafield tag="800" ind1="1" ind2=" ">
<subfield code="a">Marzubānī, Muḥammad ibn ʻImrān,</subfield>
<subfield code="d">909?-994?</subfield>
<subfield code="t">Rasāʼil al-Marzubānī ;</subfield>
<subfield code="v">1.</subfield>
</datafield>
<datafield tag="OWN" ind1=" " ind2=" ">
<subfield code="a">GENERAL</subfield>
</datafield>
<datafield tag="998" ind1=" " ind2=" ">
<subfield code="a">20010829</subfield>
<subfield code="d">19870602</subfield>
<subfield code="d">20020425</subfield>
<subfield code="n">NNU</subfield>
<subfield code="s">1</subfield>
<subfield code="t">c</subfield>
<subfield code="z">p</subfield>
</datafield>
<datafield tag="AVA" ind1=" " ind2=" ">
<subfield code="a">NYU50</subfield>
<subfield code="b">BOBST</subfield>
<subfield code="c">Main Collection</subfield>
<subfield code="d">PJ7741.S35 Z6</subfield>
<subfield code="e">unavailable</subfield>
<subfield code="t">Unavailable</subfield>
<subfield code="f">1</subfield>
<subfield code="g">1</subfield>
<subfield code="h">N</subfield>
<subfield code="i">0</subfield>
<subfield code="j">MAIN</subfield>
</datafield>
</record>
